@article{LiSZ15,
  author    = {Yujia Li and
               Kevin Swersky and
               Richard S. Zemel},
  title     = {Generative Moment Matching Networks},
  journal   = {ICML},
  year      = {2015},
  url       = {http://arxiv.org/abs/1502.02761},
  timestamp = {Mon, 02 Mar 2015 14:17:34 +0100},
  biburl    = {http://dblp.uni-trier.de/rec/bib/journals/corr/LiSZ15},
  bibsource = {dblp computer science bibliography, http://dblp.org}
}

@ARTICLE{AdaGAN2017,
   author = {{Tolstikhin}, I. and {Gelly}, S. and {Bousquet}, O. and {Simon-Gabriel}, C.-J. and 
  {Sch{\"o}lkopf}, B.},
    title = "{AdaGAN: Boosting Generative Models}",
  journal = {ArXiv e-prints},
archivePrefix = "arXiv",
   eprint = {1701.02386},
 primaryClass = "stat.ML",
 keywords = {Statistics - Machine Learning, Computer Science - Learning},
     year = 2017,
    month = jan,
   adsurl = {http://adsabs.harvard.edu/abs/2017arXiv170102386T},
  adsnote = {Provided by the SAO/NASA Astrophysics Data System}
}

@article{Rosenbaum2005,
  Author = {Rosenbaum, Paul R.},
  Title = {An exact distribution-free test comparing two multivariate distributions based on adjacency},
  Journal = {Journal of the Royal Statistical Society: Series B (Statistical Methodology)},
  Volume = {67},
  Number = {4},
  Year = {2005},
  Pages = {515--530},
  Keywords = {Nonparametric test, Rank test, Distribution-free test, Combinatorial optimization, Occupancy distribution, Non-bipartite matching}
}

@ARTICLE{GANTheory2017,
   author = {{Arjovsky}, M. and {Bottou}, L.},
    title = "{Towards Principled Methods for Training Generative Adversarial Networks}",
  journal = {ArXiv e-prints},
archivePrefix = "arXiv",
   eprint = {1701.04862},
 primaryClass = "stat.ML",
 keywords = {Statistics - Machine Learning, Computer Science - Learning},
     year = 2017,
    month = jan,
   adsurl = {http://adsabs.harvard.edu/abs/2017arXiv170104862A},
  adsnote = {Provided by the SAO/NASA Astrophysics Data System}
}

@ARTICLE{MMDZoubin2015,
   author = {{Karolina Dziugaite}, G. and {Roy}, D.~M. and {Ghahramani}, Z.
	},
    title = "{Training generative neural networks via Maximum Mean Discrepancy optimization}",
  journal = {UAI},
archivePrefix = "arXiv",
   eprint = {1505.03906},
 primaryClass = "stat.ML",
 keywords = {Statistics - Machine Learning, Computer Science - Learning},
     year = 2015,
   adsurl = {http://adsabs.harvard.edu/abs/2015arXiv150503906K},
  adsnote = {Provided by the SAO/NASA Astrophysics Data System}
}

@ARTICLE{WGAN2017,
   author = {{Arjovsky}, M. and {Chintala}, S. and {Bottou}, L.},
    title = "{Wasserstein GAN}",
  journal = {ArXiv e-prints},
archivePrefix = "arXiv",
   eprint = {1701.07875},
 primaryClass = "stat.ML",
 keywords = {Statistics - Machine Learning, Computer Science - Learning},
     year = 2017,
    month = jan,
   adsurl = {http://adsabs.harvard.edu/abs/2017arXiv170107875A},
  adsnote = {Provided by the SAO/NASA Astrophysics Data System}
}

@ARTICLE{WeightForget2016,
   author = {{Kirkpatrick}, J. and {Pascanu}, R. and {Rabinowitz}, N. and 
	{Veness}, J. and {Desjardins}, G. and {Rusu}, A.~A. and {Milan}, K. and 
	{Quan}, J. and {Ramalho}, T. and {Grabska-Barwinska}, A. and 
	{Hassabis}, D. and {Clopath}, C. and {Kumaran}, D. and {Hadsell}, R.
	},
    title = "{Overcoming catastrophic forgetting in neural networks}",
  journal = {ArXiv e-prints},
archivePrefix = "arXiv",
   eprint = {1612.00796},
 primaryClass = "cs.LG",
 keywords = {Computer Science - Learning, Computer Science - Artificial Intelligence, Statistics - Machine Learning},
     year = 2016,
    month = dec,
   adsurl = {http://adsabs.harvard.edu/abs/2016arXiv161200796K},
  adsnote = {Provided by the SAO/NASA Astrophysics Data System}
}

@article{WuBSG16,
  author    = {Yuhuai Wu and
               Yuri Burda and
               Ruslan Salakhutdinov and
               Roger B. Grosse},
  title     = {On the Quantitative Analysis of Decoder-Based Generative Models},
  journal   = {CoRR},
  volume    = {abs/1611.04273},
  year      = {2016},
  url       = {http://arxiv.org/abs/1611.04273},
  timestamp = {Thu, 01 Dec 2016 19:32:08 +0100},
  biburl    = {http://dblp.uni-trier.de/rec/bib/journals/corr/WuBSG16},
  bibsource = {dblp computer science bibliography, http://dblp.org}
}

