@book{Politis2015,
  title={Model-Free Prediction and Regression: A Transformation-Based Approach to Inference},
  author={Politis, Dimitris N},
  year={2015},
  publisher={Springer}
}


@article{PolitisMonograph2013,
  title={Model-free model-fitting and predictive distributions},
  author={Politis, Dimitris N},
  journal={Test},
  volume={22},
  number={2},
  pages={183--221},
  year={2013},
  publisher={Springer}
}

@ARTICLE{Mandelbrot1963,
title = {The Variation of Certain Speculative Prices},
author = {Mandelbrot, Beno√Æt},
year = {1963},
journal = {The Journal of Business},
volume = {36},
url = {http://EconPapers.repec.org/RePEc:ucp:jnlbus:v:36:y:1963:p:394}
}


@article{PoonGranger2003,
Author = {Poon, Ser-Huang and Granger, Clive W.J.},
Title = {Forecasting Volatility in Financial Markets: A Review },
Journal = {Journal of Economic Literature},
Volume = {41},
Number = {2},
Year = {2003},
Month = {June},
Pages = {478-539},
DOI = {10.1257/002205103765762743},
URL = {http://www.aeaweb.org/articles?id=10.1257/002205103765762743}}

@article{Andersen2006,
  title={Volatility and correlation forecasting},
  author={Andersen, Torben G and Bollerslev, Tim and Christoffersen, Peter F and Diebold, Francis X},
  journal={Handbook of economic forecasting},
  volume={1},
  pages={777--878},
  year={2006},
  publisher={Elsevier}
}

@article{Politis2007,
author = {Politis, Dimitris N.},
title = {Model-free versus Model-based Volatility Prediction},
journal = {Journal of Financial Econometrics},
volume = {5},
number = {3},
pages = {358},
year = {2007},
doi = {10.1093/jjfinec/nbm004},
}

@article{Bollerslev1986,
  title={Generalized autoregressive conditional heteroskedasticity},
  author={Bollerslev, Tim},
  journal={Journal of econometrics},
  volume={31},
  number={3},
  pages={307--327},
  year={1986},
  publisher={North-Holland}
}

@ARTICLE{Engle1982,
title = {Autoregressive Conditional Heteroscedasticity with Estimates of the Variance of United Kingdom Inflation},
author = {Engle, Robert},
year = {1982},
journal = {Econometrica},
volume = {50},
number = {4},
pages = {987-1007},
url = {http://EconPapers.repec.org/RePEc:ecm:emetrp:v:50:y:1982:i:4:p:987-1007}
}

@book{Hamilton1994,
  address = {Princeton, NJ},
  author = {Hamilton, {James Douglas}},
  publisher = {Princeton Univ. Press},
  title = {Time series analysis},
  year = 1994
}

@unpublished{EngleNobel,
 author = {Engle, Robert},
 title = {Risk and Volatility: Econometric Models and Financial Practice},
 month = {December},
 year = {2003},
 publisher = {Nobel Foundation},
 url = {https://www.nobelprize.org/nobel_prizes/economic-sciences/laureates/2003/engle-lecture.pdf}
}

@Inbook{Politis2012,
author="Politis, Dimitris N.
and Thomakos, Dimitrios D.",
editor="Chen, Xiaohong
and Swanson, Norman R.",
title="NoVaS Transformations: Flexible Inference for Volatility Forecasting",
bookTitle="Recent Advances and Future Directions in Causality, Prediction, and Specification Analysis: Essays in Honor of Halbert L. White Jr",
year="2013",
publisher="Springer New York",
address="New York, NY",
pages="489--525",
isbn="978-1-4614-1653-1",
doi="10.1007/978-1-4614-1653-1_19",
url="http://dx.doi.org/10.1007/978-1-4614-1653-1_19"
}


